@TechReport{SARL,
author = {SARL},
title = {SARL 2 Band plan},
institution = {SARL},
year = {2011},
key = {ZS6SRL},
address = {\url{http://www.sarl.org.za/Documents/Bandplan_SA_2m_20111001.pdf}},
month = {October}
}


@TechReport{AircraftCalibrationFreqs,
author = {South African Civil Aviation Authority},
title = {FLIGHT CALIBRATION DATES OF VOR's IN THE REPUBLIC OF SOUTH AFRICA},
institution = {Aeronautical Information Circular},
year = {2008},
key = {AIC},
number = {25.6},
address = {\url{http://209.203.9.244/resource%20center/AIC'S/25.6.pdf}},
month = {June}
}

@TechReport{SAFreqTable,
author = {Staatskoerant},
title = {South African Table of Frequency Allocations},
institution = {ICASA},
year = {2008},
number = {31264},
address = {\url{http://thornton.co.za/resources/31264_890_complete-1.pdf}},
month = {July}
}

@ARTICLE{Jacobs.15,
   author = {{Jacobs}, D.~C. and {Pober}, J.~C. and {Parsons}, A.~R. and 
	{Aguirre}, J.~E. and {Ali}, Z.~S. and {Bowman}, J. and {Bradley}, R.~F. and 
	{Carilli}, C.~L. and {DeBoer}, D.~R. and {Dexter}, M.~R. and 
	{Gugliucci}, N.~E. and {Klima}, P. and {Liu}, A. and {MacMahon}, D.~H.~E. and 
	{Manley}, J.~R. and {Moore}, D.~F. and {Stefan}, I.~I. and {Walbrugh}, W.~P.
	},
    title = "{Multiredshift Limits on the 21 cm Power Spectrum from PAPER}",
  journal = {ApJ},
archivePrefix = "arXiv",
   eprint = {1408.3389},
 keywords = {dark ages, reionization, first stars, techniques: interferometric},
     year = 2015,
    month = mar,
   volume = 801,
      eid = {51},
    pages = {51},
      doi = {10.1088/0004-637X/801/1/51},
   adsurl = {http://adsabs.harvard.edu/abs/2015ApJ...801...51J},
  adsnote = {Provided by the SAO/NASA Astrophysics Data System}
}

@ARTICLE{Furlanetto.06,
   author = {{Furlanetto}, S.~R. and {Oh}, S.~P. and {Briggs}, F.~H.},
    title = "{Cosmology at low frequencies: The 21 cm transition and the high-redshift Universe}",
  journal = {Physics Review},
   eprint = {astro-ph/0608032},
     year = 2006,
    month = oct,
   volume = 433,
    pages = {181-301},
      doi = {10.1016/j.physrep.2006.08.002},
   adsurl = {http://adsabs.harvard.edu/abs/2006PhR...433..181F},
  adsnote = {Provided by the SAO/NASA Astrophysics Data System}
}

@ARTICLE{Parsons.14,
   author = {{Parsons}, A.~R. and {Liu}, A. and {Aguirre}, J.~E. and {Ali}, Z.~S. and 
	{Bradley}, R.~F. and {Carilli}, C.~L. and {DeBoer}, D.~R. and 
	{Dexter}, M.~R. and {Gugliucci}, N.~E. and {Jacobs}, D.~C. and 
	{Klima}, P. and {MacMahon}, D.~H.~E. and {Manley}, J.~R. and 
	{Moore}, D.~F. and {Pober}, J.~C. and {Stefan}, I.~I. and {Walbrugh}, W.~P.
	},
    title = "{New Limits on 21 cm Epoch of Reionization from PAPER-32 Consistent with an X-Ray Heated Intergalactic Medium at z = 7.7}",
  journal = {ApJ},
archivePrefix = "arXiv",
   eprint = {1304.4991},
 keywords = {cosmology: observations, dark ages, reionization, first stars, early universe, instrumentation: interferometers, intergalactic medium, radio continuum: general},
     year = 2014,
    month = jun,
   volume = 788,
      eid = {106},
    pages = {106},
      doi = {10.1088/0004-637X/788/2/106},
   adsurl = {http://adsabs.harvard.edu/abs/2014ApJ...788..106P},
  adsnote = {Provided by the SAO/NASA Astrophysics Data System}
}

@ARTICLE{Ali.15,
   author = {{Ali}, Z.~S. and {Parsons}, A.~R. and {Zheng}, H. and {Pober}, J.~C. and 
	{Liu}, A. and {Aguirre}, J.~E. and {Bradley}, R.~F. and {Bernardi}, G. and 
	{Carilli}, C.~L. and {Cheng}, C. and {DeBoer}, D.~R. and {Dexter}, M.~R. and 
	{Grobbelaar}, J. and {Horrell}, J. and {Jacobs}, D.~C. and {Klima}, P. and 
	{MacMahon}, D.~H.~E. and {Maree}, M. and {Moore}, D.~F. and 
	{Razavi}, N. and {Stefan}, I.~I. and {Walbrugh}, W.~P. and {Walker}, A.
	},
    title = "{PAPER-64 Constraints on Reionization: The 21cm Power Spectrum at z=8.4}",
  journal = {ArXiv e-prints},
archivePrefix = "arXiv",
   eprint = {1502.06016},
 keywords = {Astrophysics - Cosmology and Nongalactic Astrophysics},
     year = 2015,
    month = feb,
   adsurl = {http://adsabs.harvard.edu/abs/2015arXiv150206016A},
  adsnote = {Provided by the SAO/NASA Astrophysics Data System}
}
